% Sample RNN
@article{mehri2016samplernn,
  title={SampleRNN: An unconditional end-to-end neural audio generation model},
  author={Mehri, Soroush and Kumar, Kundan and Gulrajani, Ishaan and Kumar, Rithesh and Jain, Shubham and Sotelo, Jose and Courville, Aaron and Bengio, Yoshua},
  journal={arXiv preprint arXiv:1612.07837},
  year={2016}
}

% SampleRNN - Git
@misc{samplernn-git,
  author = {Piotr Kozakowski, Bartosz Michalak },
  title = {samplernn-pytorch},
  year = {2017},
  publisher = {GitHub},
  journal = {GitHub repository},
  howpublished = {\url{https://github.com/deepsound-project/samplernn-pytorch}},
  commit = {4167442627b1414ff8fdc86528812b46168c656b}
}

@article{zukowski2018generating,
  title={Generating black metal and math rock: Beyond bach, beethoven, and beatles},
  author={Zukowski, Zack and Carr, CJ},
  journal={arXiv preprint arXiv:1811.06639},
  year={2018}
}

@article{carr2018generating,
  title={Generating Albums with SampleRNN to Imitate Metal, Rock, and Punk Bands},
  author={Carr, CJ and Zukowski, Zack},
  journal={arXiv preprint arXiv:1811.06633},
  year={2018}
}




% Wavenet

@article{van2016wavenet,
  title={WaveNet: A generative model for raw audio.},
  author={Van Den Oord, A{\"a}ron and Dieleman, Sander and Zen, Heiga and Simonyan, Karen and Vinyals, Oriol and Graves, Alex and Kalchbrenner, Nal and Senior, Andrew W and Kavukcuoglu, Koray},
  journal={SSW},
  volume={125},
  year={2016}
}



% WaveGAN / SpecGAN
@article{donahue2018adversarial,
  title={Adversarial audio synthesis},
  author={Donahue, Chris and McAuley, Julian and Puckette, Miller},
  journal={arXiv preprint arXiv:1802.04208},
  year={2018}
}

% WaveGAN - Git
@inproceedings{donahue2019wavegan,
  title={Adversarial Audio Synthesis},
  author={Donahue, Chris and McAuley, Julian and Puckette, Miller},
  booktitle={ICLR},
  year={2019}
}

% DCGAN
@article{radford2015unsupervised,
  title={Unsupervised representation learning with deep convolutional generative adversarial networks},
  author={Radford, Alec and Metz, Luke and Chintala, Soumith},
  journal={arXiv preprint arXiv:1511.06434},
  year={2015}
}


% GANs
@inproceedings{goodfellow2014generative,
  title={Generative adversarial nets},
  author={Goodfellow, Ian and Pouget-Abadie, Jean and Mirza, Mehdi and Xu, Bing and Warde-Farley, David and Ozair, Sherjil and Courville, Aaron and Bengio, Yoshua},
  booktitle={Advances in neural information processing systems},
  pages={2672--2680},
  year={2014}
}

% Wasserstein GANs
@inproceedings{gulrajani2017improved,
  title={Improved training of wasserstein gans},
  author={Gulrajani, Ishaan and Ahmed, Faruk and Arjovsky, Martin and Dumoulin, Vincent and Courville, Aaron C},
  booktitle={Advances in neural information processing systems},
  pages={5767--5777},
  year={2017}
}

% Deepsound

@misc{deepsound,
  author = {Piotr Kozakowski, Bartosz Michalak},
  title = {DeepSound},
  howpublished = {\url{http://www.deepsound.io}},
  note = {Accessed: 2019-06-05}
}


% PGG-SpecGAN
@article{karras2017progressive,
  title={Progressive growing of gans for improved quality, stability, and variation},
  author={Karras, Tero and Aila, Timo and Laine, Samuli and Lehtinen, Jaakko},
  journal={arXiv preprint arXiv:1710.10196},
  year={2017}
}


% Midi based 

@article{yang2017midinet,
  title={MidiNet: A convolutional generative adversarial network for symbolic-domain music generation},
  author={Yang, Li-Chia and Chou, Szu-Yu and Yang, Yi-Hsuan},
  journal={arXiv preprint arXiv:1703.10847},
  year={2017}
}

@article{tikhonov2017music,
  title={Music generation with variational recurrent autoencoder supported by history},
  author={Tikhonov, Alexey and Yamshchikov, Ivan P},
  journal={arXiv preprint arXiv:1705.05458},
  year={2017}
}

@article{hennig2017classifying,
  title={A classifying variational autoencoder with application to polyphonic music generation},
  author={Hennig, Jay A and Umakantha, Akash and Williamson, Ryan C},
  journal={arXiv preprint arXiv:1711.07050},
  year={2017}
}

@article{mogren2016c,
  title={C-RNN-GAN: Continuous recurrent neural networks with adversarial training},
  author={Mogren, Olof},
  journal={arXiv preprint arXiv:1611.09904},
  year={2016}
}

@article{roberts2018hierarchical,
  author    = {Adam Roberts and
               Jesse Engel and
               Colin Raffel and
               Curtis Hawthorne and
               Douglas Eck},
  title     = {A Hierarchical Latent Vector Model for Learning Long-Term Structure
               in Music},
  journal   = {CoRR},
  volume    = {abs/1803.05428},
  year      = {2018},
  url       = {http://arxiv.org/abs/1803.05428},
  archivePrefix = {arXiv},
  eprint    = {1803.05428},
  timestamp = {Mon, 13 Aug 2018 16:47:28 +0200},
  biburl    = {https://dblp.org/rec/bib/journals/corr/abs-1803-05428},
  bibsource = {dblp computer science bibliography, https://dblp.org}
}

@article{boulanger2012modeling,
  title={Modeling temporal dependencies in high-dimensional sequences: Application to polyphonic music generation and transcription},
  author={Boulanger-Lewandowski, Nicolas and Bengio, Yoshua and Vincent, Pascal},
  journal={arXiv preprint arXiv:1206.6392},
  year={2012}
}


% Text to speech

@inproceedings{arik2017deep,
  title={Deep voice: Real-time neural text-to-speech},
  author={Arik, Sercan {\"O} and Chrzanowski, Mike and Coates, Adam and Diamos, Gregory and Gibiansky, Andrew and Kang, Yongguo and Li, Xian and Miller, John and Ng, Andrew and Raiman, Jonathan and others},
  booktitle={Proceedings of the 34th International Conference on Machine Learning-Volume 70},
  pages={195--204},
  year={2017},
  organization={JMLR. org}
}


% VRNN - Paper

@inproceedings{chung2015recurrent,
  title={A recurrent latent variable model for sequential data},
  author={Chung, Junyoung and Kastner, Kyle and Dinh, Laurent and Goel, Kratarth and Courville, Aaron C and Bengio, Yoshua},
  booktitle={Advances in neural information processing systems},
  pages={2980--2988},
  year={2015}
}


% VRNN - Git
@misc{VRNNgit,
  author = {emmanuel},
  title = {VariationalRecurrentNeuralNetwork},
  year = {2017},
  publisher = {GitHub},
  journal = {GitHub repository},
  howpublished = {\url{https://github.com/emited/VariationalRecurrentNeuralNetwork}},
  commit = {496eec350ad81ba9fb21b95850c220391ef26a89}
}


% VAE
@article{kingma2013auto,
  title={Auto-encoding variational bayes},
  author={Kingma, Diederik P and Welling, Max},
  journal={arXiv preprint arXiv:1312.6114},
  year={2013}
}

% VAE - Blurr yimages problem
@article{larsen2015autoencoding,
  title={Autoencoding beyond pixels using a learned similarity metric},
  author={Larsen, Anders Boesen Lindbo and S{\o}nderby, S{\o}ren Kaae and Larochelle, Hugo and Winther, Ole},
  journal={arXiv preprint arXiv:1512.09300},
  year={2015}
}

% WaveRNN
@article{kalchbrenner2018efficient,
  title={Efficient neural audio synthesis},
  author={Kalchbrenner, Nal and Elsen, Erich and Simonyan, Karen and Noury, Seb and Casagrande, Norman and Lockhart, Edward and Stimberg, Florian and Oord, Aaron van den and Dieleman, Sander and Kavukcuoglu, Koray},
  journal={arXiv preprint arXiv:1802.08435},
  year={2018}
}

% Gansynth
@article{engel2019gansynth,
  title={Gansynth: Adversarial neural audio synthesis},
  author={Engel, Jesse and Agrawal, Kumar Krishna and Chen, Shuo and Gulrajani, Ishaan and Donahue, Chris and Roberts, Adam},
  journal={arXiv preprint arXiv:1902.08710},
  year={2019}
}


% brain fm
@misc{brain.fm,
  author = {BrainFM Inc},
  title = {brain.fm},
  howpublished = {\url{https://brain.fm/faq}},
  note = {Accessed: 2019-06-30}
}

% Mubert
@misc{mubert,
  author = {Mubert Inc},
  title = {mubert},
  howpublished = {\url{https://mubert.com/}},
  note = {Accessed: 2019-06-30}
}


@misc{klproof,
  author = {mpiktas},
  title = {KL divergence between two univariate Gaussians},
  howpublished = {\url{https://stats.stackexchange.com/questions/7440/kl-divergence-between-two-univariate-gaussians}},
  note = {Accessed: 2019-08-26}
}




