% Sample RNN

@article{mehri2016samplernn,
  title={SampleRNN: An unconditional end-to-end neural audio generation model},
  author={Mehri, Soroush and Kumar, Kundan and Gulrajani, Ishaan and Kumar, Rithesh and Jain, Shubham and Sotelo, Jose and Courville, Aaron and Bengio, Yoshua},
  journal={arXiv preprint arXiv:1612.07837},
  year={2016}
}

@article{zukowski2018generating,
  title={Generating black metal and math rock: Beyond bach, beethoven, and beatles},
  author={Zukowski, Zack and Carr, CJ},
  journal={arXiv preprint arXiv:1811.06639},
  year={2018}
}

@article{carr2018generating,
  title={Generating Albums with SampleRNN to Imitate Metal, Rock, and Punk Bands},
  author={Carr, CJ and Zukowski, Zack},
  journal={arXiv preprint arXiv:1811.06633},
  year={2018}
}




% Wavenet

@article{van2016wavenet,
  title={WaveNet: A generative model for raw audio.},
  author={Van Den Oord, A{\"a}ron and Dieleman, Sander and Zen, Heiga and Simonyan, Karen and Vinyals, Oriol and Graves, Alex and Kalchbrenner, Nal and Senior, Andrew W and Kavukcuoglu, Koray},
  journal={SSW},
  volume={125},
  year={2016}
}



% WaveGAN / SpecGAN

@article{donahue2018adversarial,
  title={Adversarial audio synthesis},
  author={Donahue, Chris and McAuley, Julian and Puckette, Miller},
  journal={arXiv preprint arXiv:1802.04208},
  year={2018}
}


% Deepsound

@misc{deepsound,
  title = {DeepSound},
  howpublished = {\url{http://www.deepsound.io}},
  note = {Accessed: 2019-06-05}
}


% PGG-SpecGAN
@article{karras2017progressive,
  title={Progressive growing of gans for improved quality, stability, and variation},
  author={Karras, Tero and Aila, Timo and Laine, Samuli and Lehtinen, Jaakko},
  journal={arXiv preprint arXiv:1710.10196},
  year={2017}
}


% Midi based

@article{yang2017midinet,
  title={MidiNet: A convolutional generative adversarial network for symbolic-domain music generation},
  author={Yang, Li-Chia and Chou, Szu-Yu and Yang, Yi-Hsuan},
  journal={arXiv preprint arXiv:1703.10847},
  year={2017}
}

@article{tikhonov2017music,
  title={Music generation with variational recurrent autoencoder supported by history},
  author={Tikhonov, Alexey and Yamshchikov, Ivan P},
  journal={arXiv preprint arXiv:1705.05458},
  year={2017}
}

@article{hennig2017classifying,
  title={A classifying variational autoencoder with application to polyphonic music generation},
  author={Hennig, Jay A and Umakantha, Akash and Williamson, Ryan C},
  journal={arXiv preprint arXiv:1711.07050},
  year={2017}
}

@article{mogren2016c,
  title={C-RNN-GAN: Continuous recurrent neural networks with adversarial training},
  author={Mogren, Olof},
  journal={arXiv preprint arXiv:1611.09904},
  year={2016}
}


% Text to speech

@inproceedings{arik2017deep,
  title={Deep voice: Real-time neural text-to-speech},
  author={Arik, Sercan {\"O} and Chrzanowski, Mike and Coates, Adam and Diamos, Gregory and Gibiansky, Andrew and Kang, Yongguo and Li, Xian and Miller, John and Ng, Andrew and Raiman, Jonathan and others},
  booktitle={Proceedings of the 34th International Conference on Machine Learning-Volume 70},
  pages={195--204},
  year={2017},
  organization={JMLR. org}
}

@inproceedings{chung2015recurrent,
  title={A recurrent latent variable model for sequential data},
  author={Chung, Junyoung and Kastner, Kyle and Dinh, Laurent and Goel, Kratarth and Courville, Aaron C and Bengio, Yoshua},
  booktitle={Advances in neural information processing systems},
  pages={2980--2988},
  year={2015}
}


% WaveRNN
@article{kalchbrenner2018efficient,
  title={Efficient neural audio synthesis},
  author={Kalchbrenner, Nal and Elsen, Erich and Simonyan, Karen and Noury, Seb and Casagrande, Norman and Lockhart, Edward and Stimberg, Florian and Oord, Aaron van den and Dieleman, Sander and Kavukcuoglu, Koray},
  journal={arXiv preprint arXiv:1802.08435},
  year={2018}
}

% Gansynth
@article{engel2019gansynth,
  title={Gansynth: Adversarial neural audio synthesis},
  author={Engel, Jesse and Agrawal, Kumar Krishna and Chen, Shuo and Gulrajani, Ishaan and Donahue, Chris and Roberts, Adam},
  journal={arXiv preprint arXiv:1902.08710},
  year={2019}
}
